[gd_scene load_steps=14 format=2]

[ext_resource path="res://Elements/TankCharacter/ShooterController.gd" type="Script" id=1]
[ext_resource path="res://Elements/UI/PlayerControls.tscn" type="PackedScene" id=2]
[ext_resource path="res://Assets/Tank/tankv4/_tank_v4.tscn" type="PackedScene" id=3]
[ext_resource path="res://Elements/Projectiles/Laser.tscn" type="PackedScene" id=4]
[ext_resource path="res://Elements/DamageData.gd" type="Script" id=5]
[ext_resource path="res://Elements/UI/HUD.tscn" type="PackedScene" id=6]

[sub_resource type="SphereShape" id=1]
radius = 0.60852

[sub_resource type="GDScript" id=2]
script/source = "extends Spatial


export (float) var fireRate = 0.1


export (PackedScene) var Projectile
export (NodePath) var projectileOwner

export (Array,NodePath) var gunMounts

export(Resource) var damage


var index = 0;

var charge = 0

func _ready():
	damage.source = get_node(projectileOwner)
	pass # Replace with function body.


func fire(delta,target):
	index = (index + 1) % gunMounts.size() 
	var p:Spatial = Projectile.instance()
	p.damage = damage
#	p.projectileOwner = get_node(projectileOwner)
	owner.get_parent().add_child(p)
	p.global_transform = get_node(gunMounts[index]).global_transform
	p.global_transform.origin += p.startingVelocity*delta
	p.global_transform = p.global_transform.looking_at(target,p.global_transform.origin.normalized())

func _physics_process(delta):
	charge = min(charge + delta, fireRate*1.1)
	


func _on_Tank_fire(delta,target):
	if charge >= fireRate:
		charge -= fireRate
		fire(delta,target)
"

[sub_resource type="Resource" id=3]
script = ExtResource( 5 )
value = 5.0
type = 1

[sub_resource type="GDScript" id=4]
script/source = "extends Spatial

var cameraOrigin

func _ready():
	cameraOrigin = $Camera.transform.origin

#func _process(delta):
#	if $Targeter.is_colliding():
#		var camDelta = $Targeter.get_collision_point() - $Targeter.global_transform.origin 
#		$Camera.global_transform.origin = $Targeter.global_transform.origin + (camDelta* 0.9)
#	else:
#		$Camera.transform.origin = cameraOrigin
"

[sub_resource type="GDScript" id=5]
script/source = "extends Spatial

export(NodePath) var targeter

func getTarget()->Vector3:
	var ray:RayCast = get_node(targeter)
	if ray.is_colliding():
		return ray.get_collision_point()
	else:
		return ray.global_transform.xform(ray.cast_to)
"

[sub_resource type="CubeMesh" id=6]
size = Vector3( 0.2, 0.2, 100 )

[sub_resource type="GDScript" id=7]
script/source = "extends Node

func _ready():
	var voxelWorld:VoxelLodTerrain = get_tree().get_nodes_in_group(\"voxelWorld\")[0]
	voxelWorld.viewer_path = voxelWorld.get_path_to(get_parent())
	queue_free()
"

[node name="Tank" type="KinematicBody" groups=[
"debug",
"player",
]]
transform = Transform( 1, 0, 0, 0, 1, 0, 0, 0, 1, -0.0111294, 0.0237012, 0.00419378 )
collision_layer = 1025
collision_mask = 1025
script = ExtResource( 1 )
jumpImpulse = 15.0
moveSpeed = 50.0
maxSpeed = 25.0
maxTurnRate = 5.0
ControlsNode = NodePath("PlayerControls")

[node name="CollisionShape" type="CollisionShape" parent="."]
transform = Transform( 1, 0, 0, 0, 1, 0, 0, 0, 1, 0, 0.26685, 0 )
shape = SubResource( 1 )

[node name="OmniLight" type="OmniLight" parent="."]
transform = Transform( 1, 0, 0, 0, 1, 0, 0, 0, 1, 0, -0.23111, 0 )
light_color = Color( 0.580392, 1, 0.956863, 1 )
shadow_enabled = true
omni_range = 6.0

[node name="PlayerControls" parent="." instance=ExtResource( 2 )]

[node name="GunMount" type="Spatial" parent="."]
script = SubResource( 2 )
fireRate = 0.05
Projectile = ExtResource( 4 )
projectileOwner = NodePath("..")
gunMounts = [ NodePath("Gun"), NodePath("Gun2") ]
damage = SubResource( 3 )

[node name="Gun" type="Spatial" parent="GunMount"]
transform = Transform( 1, 0, 0, 0, 1, 0, 0, 0, 1, 0.286802, 0.488931, 0.207812 )

[node name="Gun2" type="Spatial" parent="GunMount"]
transform = Transform( 1, 0, 0, 0, 1, 0, 0, 0, 1, -0.287, 0.485182, 0.208 )

[node name="tank" parent="." instance=ExtResource( 3 )]
transform = Transform( 0.25, 0, 0, 0, 0.25, 0, 0, 0, 0.25, 0, 0, 0 )

[node name="CameraGimble" type="Spatial" parent="."]

[node name="Spatial" type="Spatial" parent="CameraGimble"]
transform = Transform( 1, 0, 0, 0, 1, 0, 0, 0, 1, 0, 1, 0 )
script = SubResource( 4 )

[node name="Camera" type="Camera" parent="CameraGimble/Spatial"]
transform = Transform( 1, 0, 0, 0, 1, 0, 0, 0, 1, 0.000516176, 0.00291443, 2.01008 )
doppler_tracking = 2
current = true
far = 1024.0

[node name="AimingGimble" type="Spatial" parent="."]
script = SubResource( 5 )
targeter = NodePath("Targeter")

[node name="Targeter" type="RayCast" parent="AimingGimble"]
transform = Transform( 4, 0, 0, 0, 4, 0, 0, 0, 4, 0, 1, 0 )
enabled = true
cast_to = Vector3( 0, 0, -100 )

[node name="MeshInstance" type="MeshInstance" parent="AimingGimble/Targeter"]
transform = Transform( 0.25, 0, 0, 0, 0.25, 0, 0, 0, 0.25, 0, 0, -12.5 )
visible = false
mesh = SubResource( 6 )
material/0 = null

[node name="MakePlayer" type="Node" parent="."]
script = SubResource( 7 )

[node name="HUD" parent="." instance=ExtResource( 6 )]
[connection signal="fire" from="." to="GunMount" method="_on_Tank_fire"]
