[gd_scene load_steps=12 format=2]

[ext_resource path="res://Assets/Enemies/geobuzz.tscn" type="PackedScene" id=1]
[ext_resource path="res://Elements/Baddies/Fliers/FlierBase.gd" type="Script" id=2]
[ext_resource path="res://Elements/Baddies/AgroArea.gd" type="Script" id=3]
[ext_resource path="res://Elements/DamageData.gd" type="Script" id=4]
[ext_resource path="res://Elements/Baddies/Fliers/BuzzardShot.tscn" type="PackedScene" id=5]

[sub_resource type="GDScript" id=1]
script/source = "extends Node

export(NodePath) var groundSensor

func getControls(character:FlierBase)->ControlsContainer:

	if character.health < 0:
		return dead(character)
	elif character.targets.empty():
		return patrol(character)
	else:
		return engageTarget(character)

var strafeDirection :Vector3 = Vector3.LEFT;


func returnHome(character:FlierBase)->ControlsContainer:
	var output = ControlsContainer.new() 
	output.jumped = get_node(groundSensor).is_colliding()

	var movement :Vector3= character.global_transform.xform_inv(character.home)
	movement = (movement -movement.project(Vector3.UP)).normalized()
	output.movement = movement
	
	if movement.x > 0:
		output.look.x = 1
	elif movement.x < 0:
		output.look.x = -1
	
	return output.renormalize()

func dead(character:FlierBase)->ControlsContainer:
	var output = ControlsContainer.new()
	if randi()%2:
		output.look.x = 50
	else:
		output.look.x = -50
	return output.renormalize()

func engageTarget(character:FlierBase)->ControlsContainer:
	var output = ControlsContainer.new()
	var target := character.makeTarger(character.targets[character.targets.keys()[0]]) 
	output.isFiring = true

		
	if target.distance > character.targetEngagmentRange:
		output.movement +=Vector3.FORWARD 
	else:
		output.movement +=Vector3.BACK 
	
#	print(\"targeting\",target)
	
	if target.isLeft:
		output.look.x = -1
	elif target.isRight:
		output.look.x = 1

	output.jumped = get_node(groundSensor).is_colliding()
	
	return output.renormalize()

func patrol(character:FlierBase)->ControlsContainer:
	if character.global_transform.origin.distance_to(character.home) > character.patrolRange:
		return returnHome(character)
	var output = ControlsContainer.new()
#	output.movement = -character.global_transform.basis.xform_inv(character.currentVelocity.normalized())

	output.jumped = get_node(groundSensor).is_colliding()
	
	return output.renormalize()


func _on_StrafeToggler_trigger():
	if strafeDirection == Vector3.RIGHT:
		strafeDirection = Vector3.LEFT
	else:
		strafeDirection = Vector3.RIGHT
"

[sub_resource type="GDScript" id=2]
script/source = "extends Timer

signal trigger

export(float) var variation = 0.9

export(float) var length= 3

func _ready():
	resetLegth()

func resetLegth():
	var n = randf() * 2 - 1 
	wait_time = length + (variation * n)

func _on_StrafeToggler_timeout():
	resetLegth()
	emit_signal(\"trigger\")
"

[sub_resource type="SphereShape" id=3]

[sub_resource type="SphereShape" id=4]

[sub_resource type="GDScript" id=5]
script/source = "extends Spatial

export(float) var fireRate = 1
export(Resource) var damage
export(PackedScene) var projectile

var charge = 0;

func _ready():
	damage.source = get_parent()
	pass

func _physics_process(delta):
	charge += delta
	
func fire(target):
	if charge > fireRate:
		charge = 0
		var p:BuzzardShot = projectile.instance()
		p.global_transform = global_transform
		p.damage = damage
		p.target = target
		damage.source.get_parent().add_child(p)
"

[sub_resource type="Resource" id=6]
script = ExtResource( 4 )
value = 50.0
type = 0

[node name="Buzzard" type="KinematicBody" groups=[
"debug",
]]
script = ExtResource( 2 )
hoverHeight = 5.0
agroRange = 150.0
targetEngagmentRange = 25.0
patrolRange = 50.0

[node name="AI" type="Node" parent="."]
script = SubResource( 1 )
groundSensor = NodePath("../GroundSensor")

[node name="StrafeToggler" type="Timer" parent="AI"]
wait_time = 3.0
autostart = true
script = SubResource( 2 )
variation = 1.0

[node name="CollisionShape" type="CollisionShape" parent="."]
shape = SubResource( 3 )

[node name="GroundSensor" type="RayCast" parent="."]
enabled = true

[node name="geobuzz" parent="." instance=ExtResource( 1 )]
transform = Transform( -0.3, 0, -9.77524e-08, 0, 0.3, 0, 9.77524e-08, 0, -0.3, 0, -0.313558, 0 )

[node name="AgroArea" type="Area" parent="."]
monitorable = false
collision_layer = 0
collision_mask = 1024
script = ExtResource( 3 )

[node name="CollisionShape" type="CollisionShape" parent="AgroArea"]
shape = SubResource( 4 )

[node name="GunMount" type="Spatial" parent="."]
transform = Transform( 0.999999, 0, 0, 0, 0.999999, 0, 0, 0, 0.999999, -2.92166e-07, -0.322373, -0.896652 )
script = SubResource( 5 )
fireRate = 10.0
damage = SubResource( 6 )
projectile = ExtResource( 5 )
[connection signal="tree_exiting" from="." to="." method="_on_Buzzard_tree_exiting"]
[connection signal="timeout" from="AI/StrafeToggler" to="AI/StrafeToggler" method="_on_StrafeToggler_timeout"]
[connection signal="trigger" from="AI/StrafeToggler" to="AI" method="_on_StrafeToggler_trigger"]
[connection signal="body_entered" from="AgroArea" to="AgroArea" method="_on_AgroArea_body_entered"]
[connection signal="body_exited" from="AgroArea" to="AgroArea" method="_on_AgroArea_body_exited"]
