[gd_scene load_steps=6 format=2]

[ext_resource path="res://Assets/GUI/paused.png" type="Texture" id=1]
[ext_resource path="res://Assets/GUI/audiowide_dynamicfont.tres" type="DynamicFont" id=2]

[sub_resource type="StyleBoxEmpty" id=1]

[sub_resource type="GDScript" id=2]
script/source = "extends PanelContainer

signal pauseMenuClosed

func _ready():
	connect(\"pauseMenuClosed\",get_node(\"../../\"),\"_pauseMenuClosed\",[self])
	Input.set_mouse_mode(Input.MOUSE_MODE_VISIBLE)
	get_tree().paused = true

func _process(delta):
	if Input.is_action_just_pressed(\"hideUI\"):
		visible != visible


func _on_Button_pressed():
	emit_signal(\"pauseMenuClosed\")
	Input.set_mouse_mode(Input.MOUSE_MODE_CAPTURED)
	get_tree().paused = false


func _on_Exit_pressed():
	get_tree().quit()
"

[sub_resource type="Theme" id=3]

[node name="CanvasLayer" type="CanvasLayer"]
layer = 100

[node name="PauseMenu" type="PanelContainer" parent="."]
pause_mode = 2
anchor_left = 0.5
anchor_top = 0.5
anchor_right = 0.5
anchor_bottom = 0.5
margin_left = -204.75
margin_top = -132.0
margin_right = 200.75
margin_bottom = 138.0
custom_styles/panel = SubResource( 1 )
script = SubResource( 2 )
__meta__ = {
"_edit_use_anchors_": false
}

[node name="TextureRect" type="TextureRect" parent="PauseMenu"]
margin_right = 405.5
margin_bottom = 270.0
rect_min_size = Vector2( 391.5, 256 )
texture = ExtResource( 1 )
expand = true
stretch_mode = 6

[node name="MarginContainer" type="MarginContainer" parent="PauseMenu"]
margin_right = 405.5
margin_bottom = 270.0
rect_min_size = Vector2( 300, 110 )
size_flags_horizontal = 3
size_flags_vertical = 3
theme = SubResource( 3 )
custom_constants/margin_right = 64
custom_constants/margin_top = 104
custom_constants/margin_left = 64
custom_constants/margin_bottom = 64

[node name="VBoxContainer" type="VBoxContainer" parent="PauseMenu/MarginContainer"]
margin_left = 64.0
margin_top = 104.0
margin_right = 341.0
margin_bottom = 206.0
alignment = 1

[node name="Continue" type="Button" parent="PauseMenu/MarginContainer/VBoxContainer"]
margin_top = 12.0
margin_right = 277.0
margin_bottom = 49.0
rect_min_size = Vector2( 100, 30 )
custom_fonts/font = ExtResource( 2 )
text = "Continue"

[node name="Exit" type="Button" parent="PauseMenu/MarginContainer/VBoxContainer"]
margin_top = 53.0
margin_right = 277.0
margin_bottom = 90.0
custom_fonts/font = ExtResource( 2 )
text = "Exit"
[connection signal="pressed" from="PauseMenu/MarginContainer/VBoxContainer/Continue" to="PauseMenu" method="_on_Button_pressed"]
[connection signal="pressed" from="PauseMenu/MarginContainer/VBoxContainer/Exit" to="PauseMenu" method="_on_Exit_pressed"]
